%Libros
@book{FP10,
    author = {Fowler, M. and Parsons, R.},
    title = {Domain Specific Languages},
    year = {2010},
    isbn = {0132107546},
    publisher = {Addison-Wesley Professional},
    edition = {1},
}

@book{CLR90,
    author = {Cormen, T.and Leiserson, C. and Rivest, R.},
    title = {Introduction to Algorithms},
    year = {1990},
    isbn = {0262031418},
    publisher = {MIT Press and McGraw-Hill},
    edition = {1},
}

@book{RN09,
    author = {Russell, S. and Norvig, P.},
    title = {Artificial Intelligence: A Modern Approach},
    year = {2009},
    isbn = {0136042597},
    publisher = {Prentice Hall},
    edition = {3},
}

@book{S09,
    author = {Scott, M.},
    title = {Programming Language Pragmatics},
    year = {2009},
    isbn = {0126339511},
    publisher = {Morgan Kaufmann},
    edition = {3},
}

@book{ALSU06,
    author = {Aho, A. and Lam, M. and Sethi, R. and Ullman, J.},
    title = {Compilers: Principles, Techniques, and Tools},
    year = {2006},
    isbn = {0321486811},
    publisher = {Addison Wesley},
    edition = {2},
}

@book{PL91,
    author = {Prusinkiewicz, P. and Lindenmayer, A.},
    title = {The Algorithmic Beauty of Plants},
    year = {1991},
    isbn = {9780387972978},
    publisher = {Springer},
    edition = {1},
}

@book{R92,
    author = {Rozenberg, G.},
    title = {Lindenmayer Systems: Impacts on Theoretical Computer 
			Science, Computer Graphics, and Developmental Biology},
    year = {1992},
    isbn = {9783540553205},
    publisher = {Springer},
    edition = {1},
}

@book{M97,
    author = {Mitchell, T.},
    title = {Machine Learning},
    year = {1997},
    isbn = {0070428077},
    publisher = {McGraw-Hill Science},
    edition = {1},
}

@book{HR10,
    author = {Harrington, R. and Robinson, I.},
    title = {Motion Graphics with Adobe Creative Suite 5 Studio Techniques},
    year = {2010},
    isbn = {978-0321719690},
    publisher = {Adobe Press,U.S.},
    edition = {1},
}

@book{B12,
    author = {Bigos, S.},
    title = {Research into Noise Algorithms and the Creation of a Procedural World Generator},
    year = {2012},
    publisher = {University of Portsmouth},
    howpublished = "\url{http://sambigos.co.uk/files/TerrainGen-Dissertation.pdf}, consultado el \today",
}

%Articulos

@article{CM06,
	  author  = {Compton, K. and Mateas, M.},
	  title   = {Procedural Level Design for Platform Games},
	  journal = {Georgia Institute of Technology},
	  year    = {2006},
}

@article{HC04,
	  author  = {Hunicke, R. and Chapman, V.},
	  title   = {AI for Dynamic Difficulty Adjustment in Games},
	  journal = {Northwestern University},
	  year    = {2004},
}

@article{D08,
	  author  = {Doull, A.},
	  title   = {The Death of the Level Designer},
	  journal = {IT University of Copenhagen},
	  year    = {2008},
}

%Varios
@misc{Gecode,
	Title = {Gecode},
	howpublished = "\url{http://www.gecode.org}, consultado el \today"
}

@misc{MCC,
	Title = {The MÃ¼nster Curry Compiler},
	howpublished = "\url{http://danae.uni-muenster.de/~lux/curry/}, consultado el \today"
}

@misc{TQP,
	Title = {The QuickCheck package},
	howpublished = "\url{http://hackage.haskell.org/package/QuickCheck}, consultado el \today"
}

@misc{Flex,
	Title = {Flex},
	howpublished = "\url{http://flex.sourceforge.net/}, consultado el \today"
}

@misc{Bison,
	Title = {Bison},
	howpublished = "\url{http://www.gnu.org/software/bison/}, consultado el \today"
}

@misc{Prolog,
	Title = {Prolog},
	howpublished = "\url{http://www.swi-prolog.org/}, consultado el \today"
}
@misc{CS,
	Title = {C\#},
	howpublished = "\url{http://www.microsoft.com/net/}, consultado el \today"
}

@misc{Python,
	Title = {Python},
	howpublished = "\url{http://www.python.org/}, consultado el \today"
}

@misc{XML,
	Title = {XML},
	howpublished = "\url{http://www.xml.com/}, consultado el \today"
}

@misc{JSON,
	Title = {Json},
	howpublished = "\url{http://www.json.org/}, consultado el \today",
}

@misc{PCG,
	Title = {Procedural Content Generation},
	howpublished = "\url{http://pcg.wikidot.com/}, consultado el \today"
}
