% Archivo de bibliografía para el Multicongreso I-D Ingeniería 2014
% Utilice el formato de bibliografía ieeetran

@online{robotics,
author = {Robotics INC},
title = {BIOLOID},
url = {http://www.robotis.com/xe/bioloid_en},}

@online{robotics1,
author = {Robtics INC},
title = {Robotics},
url = {http://www.robotis.com/xe/},
}
@online{•,
author = {RASPBERRY PI FOUNDATION
UK REGISTERED CHARITY 1129409},
title = {CAMERA MODULE SETUP},
year = {•},
url = {http://www.raspberrypi.org/help/camera-module-setup/},}

@online{ros,
author = {Ros},
title = {About ROS},
url = {http://www.ros.org/about-ros/},}
@online{camara,
author = {Emil Valkov },
title = {Raspberry Pi Camera with OpenCV},
url = {http://robidouille.wordpress.com/2013/10/19/raspberry-pi-camera-with-opencv/},}
@online{gyro,
author = {Robotics INC},
title = {Gyro Sensor},
url = {http://support.robotis.com/en/product/auxdevice/sensor/dxl_gyro.htm},}

@online{robotcupsoccer,
author = {RoboCup 2014},
title = {ROBOCUP SOCCER},
url = {http://www.robocup2014.org/?page_id=51},}

@online{robotcup,
author = {RoboCup 2014},
title = {RoboCup 2014},
url = {http://www.robocup2014.org/},}
@InProceedings{paper,
author = {Sven Behnke, Michael Schreiber, J¨org St¨uckler, Reimund Renner, and Hauke Strasdat},
title = {See, walk, and kick:Humanoid robots start to play soccer},
}
@online{opencv,
author = {OpenCV Developers Team},
title = {ABOUT},
url = {http://opencv.org/about.html},
}

@online{arbotix,
author = {Trossen Robotics LLC},
title = {arbotiX Robocontrollers },
url = {http://www.trossenrobotics.com/p/arbotix-robot-controller.aspx},
}
@online{raspberry,
author = {RASPBERRY PI FOUNDATION
UK REGISTERED CHARITY 1129409},
title = {WHAT IS A RASPBERRY PI?},
url = {http://www.raspberrypi.org/},}

@online{robots,
author = {Desarroladores de Robots},
year = {2014},
title = {Robots},
url = {http://robots-argentina.com.ar/robots.htm},
}
@online{trossen,
author = {Trossen Robotics LLC},
title = {ArbotiX Hardware Overview},
url = {http://learn.trossenrobotics.com/arbotix/arbotix-getting-started/2-arbotix-hardware-overview.html#&panel1-13},
}

@online{vanadium,
author = {vanadiumlabs},
title = {ArbotiX RoboController},
url = {http://vanadiumlabs.github.io/arbotix/#hservo},
}

