% Archivo de bibliografía para el Multicongreso I-D Ingeniería 2014
% Utilice el formato de bibliografía ieeetran

@online{robotics,
author = {Robotics INC},
title = {BIOLOID},
url = {http://www.robotis.com/xe/bioloid_en},}

@online{robotics1,
author = {Robtics INC},
title = {Robotics},
url = {http://www.robotis.com/xe/},
}
@online{raspberrycam,
author = {RASPBERRY PI FOUNDATION
UK REGISTERED CHARITY 1129409},
title = {CAMERA MODULE SETUP},
url = {http://www.raspberrypi.org/help/camera-module-setup/},}

@online{ros,
author = {Ros},
title = {About ROS},
url = {http://www.ros.org/about-ros/},}
@online{camara,
author = {Emil Valkov},
title = {Raspberry Pi Camera with OpenCV},
url = {http://robidouille.wordpress.com/2013/10/19/raspberry-pi-camera-with-opencv/},}
@online{gyro,
author = {Robotics INC},
title = {Gyro Sensor},
url = {http://support.robotis.com/en/product/auxdevice/sensor/dxl_gyro.htm},}

@online{robotcupsoccer,
author = {RoboCup 2014},
title = {ROBOCUP SOCCER},
url = {http://www.robocup2014.org/?page_id=51},}

@online{robotcup,
author = {RoboCup 2014},
title = {RoboCup 2014},
url = {http://www.robocup2014.org/},}
@InProceedings{paper,
author = {Sven Behnke and Michael Schreiber and J\"{o}rg St\"{u}ckler and Reimund Renner and Hauke Strasdat},
title = {See, walk, and kick:Humanoid robots start to play soccer},
}
@online{opencv,
author = {OpenCV Developers Team},
title = {ABOUT},
url = {http://opencv.org/about.html},
}

@online{arbotix,
author = {Trossen Robotics LLC},
title = {arbotiX Robocontrollers },
url = {http://www.trossenrobotics.com/p/arbotix-robot-controller.aspx},
}
@online{raspberry,
author = {RASPBERRY PI FOUNDATION
UK REGISTERED CHARITY 1129409},
title = {WHAT IS A RASPBERRY PI?},
url = {http://www.raspberrypi.org/},}

@online{robots,
author = {Desarroladores de Robots},
year = {2014},
title = {Robots},
url = {http://robots-argentina.com.ar/robots.htm},
}
@online{trossen,
author = {Trossen Robotics LLC},
title = {ArbotiX Hardware Overview},
url = {http://learn.trossenrobotics.com/arbotix/arbotix-getting-started/2-arbotix-hardware-overview.html#&panel1-13},
}

@online{vanadium,
author = {vanadiumlabs},
title = {ArbotiX RoboController},
url = {http://vanadiumlabs.github.io/arbotix/#hservo},
}

@manual{manual,
author = {Robotics INC},
title = {Dynamixel AX-12},
year = {2006},
}

@online{filtros,
author = {OpenCV},
title = {More Morphology Transformations},
year = {2014},
url = {http://docs.opencv.org/doc/tutorials/imgproc/opening_closing_hats/opening_closing_hats.html},
}

@online{asimo,
author = {Honda Motor Co},
title = {Honda Unveils All-new ASIMO with Significant Advancements},
year = {2011},
url = {http://world.honda.com/news/2011/c111108All-new-ASIMO/index.html},
}


@inproceedings{paper1,
author = {Mostafa E. Salehi1
, Reza Safdari, Erfan Abedi, Bahareh Foroughi, Amir Salimi, Emad 
Farokhi, Meisam Teimouri, and Roham Shakiba},
title = {MRL Team Description Paper
for Humanoid KidSize League of RoboCup 2014},
}
@inproceedings{paper2,
author = {Seung-Joon Yi and Stephen McGill and Daniel D. Lee},
title = {Improved Online Kick Generation Method for Humanoid Soccer Robots},
}
